<record><leader>00000cas a22000007a 4500</leader><controlfield tag="001">20621313</controlfield><controlfield tag="008">891109d1966196umouwr ne      0    0eng d</controlfield><datafield ind1=" " ind2=" " tag="010"><subfield code="a">sn 89067465 </subfield></datafield><datafield ind1=" " ind2=" " tag="040"><subfield code="a">MQN</subfield><subfield code="b">eng</subfield><subfield code="c">MQN</subfield><subfield code="d">OCLCQ</subfield></datafield><datafield ind1=" " ind2=" " tag="042"><subfield code="a">msc</subfield></datafield><datafield ind1="0" ind2=" " tag="130"><subfield code="a">Garden City views (Garden City, Mo. : 1966)</subfield></datafield><datafield ind1="1" ind2="4" tag="245"><subfield code="a">The Garden City views.</subfield></datafield><datafield ind1=" " ind2=" " tag="260"><subfield code="a">Garden City, Mo. :</subfield><subfield code="b">James E. Humbard,</subfield><subfield code="c">1966-</subfield></datafield><datafield ind1=" " ind2=" " tag="300"><subfield code="a">v.</subfield></datafield><datafield ind1=" " ind2=" " tag="310"><subfield code="a">Weekly</subfield></datafield><datafield ind1="0" ind2=" " tag="362"><subfield code="a">Vol. 1, no. 1 (Aug. 24, 1966)-</subfield></datafield><datafield ind1=" " ind2=" " tag="752"><subfield code="a">United States</subfield><subfield code="b">Missouri</subfield><subfield code="c">Cass</subfield><subfield code="d">Garden City.</subfield></datafield></record>